@article{adagrad,
author = {Duchi, John and Hazan, Elad and Singer, Yoram},
year = {2011},
month = {07},
pages = {2121-2159},
title = {Adaptive Subgradient Methods for Online Learning and Stochastic Optimization},
volume = {12},
journal = {Journal of Machine Learning Research}
}

@article{linearcup,
  author    = {Zeyuan Allen Zhu and
               Lorenzo Orecchia},
  title     = {A Novel, Simple Interpretation of Nesterov's Accelerated Method as
               a Combination of Gradient and Mirror Descent},
  journal   = {CoRR},
  volume    = {abs/1407.1537},
  year      = {2014},
  url       = {http://arxiv.org/abs/1407.1537},
  archivePrefix = {arXiv},
  eprint    = {1407.1537},
  timestamp = {Mon, 13 Aug 2018 16:48:00 +0200},
  biburl    = {https://dblp.org/rec/journals/corr/ZhuO14.bib},
  bibsource = {dblp computer science bibliography, https://dblp.org}
}

@misc{accelegrad,
      title={Online Adaptive Methods, Universality and Acceleration}, 
      author={Kfir Y. Levy and Alp Yurtsever and Volkan Cevher},
      year={2018},
      eprint={1809.02864},
      archivePrefix={arXiv},
      primaryClass={cs.LG}
}

@misc{cutkosky,
      title={Anytime Online-to-Batch Conversions, Optimism, and Acceleration}, 
      author={Ashok Cutkosky},
      year={2019},
      eprint={1903.00974},
      archivePrefix={arXiv},
      primaryClass={stat.ML}
}

